
@Article{avigad-etal:2009,
  author =	{Avigad, Jeremy and Dean, Edward and Mumma, John},
  title =	{A Formal System for {E}uclid's Elements},
  journal =	{The Review of Symbolic Logic},
  year =	2009,
  volume =	2,
  number =	4,
  publisher =	{Cambridge University Press},
  doi =		{10.1017/S1755020309990098}
}

@Article{miller:2001,
  author =	{N. G. Miller},
  title =	{A Diagrammatic Formal System for {E}uclidean Geometry},
  journal=	{Annals of Mathematics and Artificial Intelligence},
  year =	2001
}

@Article{beeson-etal:2019,
  author =	{Beeson, Michael and Narboux, Julien and Wiedijk, Freek},
  title =	{Proof-checking Euclid},
  volume =	85,
  number =	2,
  year =	2019,
  publisher =	{Springer}
}

@Book{heath:1956,
  author =	{Heath, T.L.},
  title =	{The Thirteen Books of {E}uclid's Elements},
  isbn =	{9780486600888},
  lccn =	{56004336},
  series =	{Dover classics of science and mathematics},
  year =	1956,
  publisher =	{Dover Publications}
}

@InBook{harrison:2009,
	author={Harrison, John},
	title={Handbook of practical logic and automated reasoning},
	year={2009},
	publisher={Cambridge University Press}
}


TODO: find all authors' first names
